<record><leader>00000cas a2200000 a 4500</leader><controlfield tag="001">9481279</controlfield><controlfield tag="008">830505d182818uukyuwr ne      0    0eng c</controlfield><datafield ind1=" " ind2=" " tag="010"><subfield code="a">sn 83020673 </subfield></datafield><datafield ind1=" " ind2=" " tag="040"><subfield code="a">NPX</subfield><subfield code="b">eng</subfield><subfield code="c">NPX</subfield><subfield code="d">KNP</subfield><subfield code="d">CNK</subfield><subfield code="d">OCL</subfield><subfield code="d">NVF</subfield><subfield code="d">OCLCQ</subfield><subfield code="d">OCLCF</subfield><subfield code="d">OCLCO</subfield></datafield><datafield ind1=" " ind2=" " tag="042"><subfield code="a">pcc</subfield></datafield><datafield ind1=" " ind2=" " tag="043"><subfield code="a">n-us-ky</subfield></datafield><datafield ind1="0" ind2=" " tag="130"><subfield code="a">Western herald (Bardstown, Ky. : 1828)</subfield></datafield><datafield ind1="1" ind2="4" tag="245"><subfield code="a">The western herald.</subfield></datafield><datafield ind1=" " ind2=" " tag="260"><subfield code="a">Bardstown, Ky. :</subfield><subfield code="b">D.D. Jones,</subfield><subfield code="c">1828-</subfield></datafield><datafield ind1=" " ind2=" " tag="300"><subfield code="a">v.</subfield></datafield><datafield ind1=" " ind2=" " tag="310"><subfield code="a">Weekly</subfield></datafield><datafield ind1="0" ind2=" " tag="362"><subfield code="a">Vol. 1, no. 1 (Jan. 5, 1828)-</subfield></datafield><datafield ind1=" " ind2=" " tag="500"><subfield code="a">Editor: D.D. Jones, &lt;1828&gt;.</subfield></datafield><datafield ind1=" " ind2="0" tag="651"><subfield code="a">Bardstown (Ky.)</subfield><subfield code="v">Newspapers.</subfield></datafield><datafield ind1=" " ind2="0" tag="651"><subfield code="a">Nelson County (Ky.)</subfield><subfield code="v">Newspapers.</subfield></datafield><datafield ind1=" " ind2="7" tag="655"><subfield code="a">Newspapers.</subfield><subfield code="2">fast</subfield><subfield code="0">(OCoLC)fst01423814</subfield></datafield><datafield ind1=" " ind2="7" tag="651"><subfield code="a">Kentucky</subfield><subfield code="z">Bardstown.</subfield><subfield code="2">fast</subfield><subfield code="0">(OCoLC)fst01214661</subfield></datafield><datafield ind1=" " ind2="7" tag="651"><subfield code="a">Kentucky</subfield><subfield code="z">Nelson County.</subfield><subfield code="2">fast</subfield><subfield code="0">(OCoLC)fst01203044</subfield></datafield><datafield ind1="1" ind2=" " tag="700"><subfield code="a">Jones, Daniel D.</subfield></datafield><datafield ind1=" " ind2=" " tag="752"><subfield code="a">United States</subfield><subfield code="b">Kentucky</subfield><subfield code="c">Nelson</subfield><subfield code="d">Bardstown.</subfield></datafield><datafield ind1="0" ind2="0" tag="780"><subfield code="t">Bardstown western herald</subfield><subfield code="w">(DLC)sn 83020624</subfield></datafield><datafield ind1="0" ind2="0" tag="785"><subfield code="t">Bardstown herald</subfield><subfield code="w">(DLC)sn 82014703</subfield></datafield></record>